@article{Adam2021MeasurementEntanglementPRXQuantumTheTheoryOfEverythingPaper,
  title = {Measurement and Entanglement Phase Transitions in All-To-All Quantum Circuits, on Quantum Trees, and in Landau-Ginsburg Theory},
  author = {Nahum, Adam and Roy, Sthitadhi and Skinner, Brian and Ruhman, Jonathan},
  journal = {PRX Quantum},
  volume = {2},
  issue = {1},
  pages = {010352},
  numpages = {70},
  year = {2021},
  month = {Mar},
  publisher = {American Physical Society},
  doi = {10.1103/PRXQuantum.2.010352},
  url = {https://link.aps.org/doi/10.1103/PRXQuantum.2.010352},
  eprint = {2009.11311},
  eprinttype = {arxiv},
  eprintclass = {cond-mat.stat-mech}
}
