
@article{Arnau2025MultipartiteEntanglementPhysRevLett,
  title = {Multipartite Entanglement Structure of Monitored Quantum Circuits},
  author = {Lira-Solanilla, Arnau and Turkeshi, Xhek and Pappalardi, Silvia},
  journal = {Phys. Rev. Lett.},
  volume = {135},
  issue = {8},
  pages = {080401},
  year = {2025},
  publisher = {American Physical Society},
  doi = {10.1103/fl34-h1p1},
  url = {https://link.aps.org/doi/10.1103/fl34-h1p1}
  eprint = {2412.16062},
  eprinttype = {arxiv},
  eprintclass = {quant-ph}
}
