
@article{Kvorning2022TimeEvolutionSciPostPhys,
  title = {Time-evolution of local information: thermalization dynamics of local observables},
  author = {Kvorning, Thomas Klein and Herviou, Loïc and Bardarson, Jens H.},
  journal = {SciPost Phys.},
  volume = {13},
  pages = {080},
  year = {2022},
  publisher = {SciPost},
  doi = {10.21468/SciPostPhys.13.4.080},
  url = {https://scipost.org/10.21468/SciPostPhys.13.4.080},
  eprint = {2205.15203},
  eprinttype = {arxiv},
  eprintclass = {cond-mat.str-el}
}



@article{Artiaco2024EfficientLargePRXQuantum,
  title = {Efficient Large-Scale Many-Body Quantum Dynamics via Local-Information Time Evolution},
  author = {Artiaco, Claudia and Fleckenstein, Christoph and Aceituno Chávez, David and Kvorning, Thomas Klein and Bardarson, Jens H.},
  journal = {PRX Quantum},
  volume = {5},
  issue = {2},
  pages = {020352},
  year = {2024},
  publisher = {American Physical Society},
  doi = {10.1103/PRXQuantum.5.020352},
  url = {https://link.aps.org/doi/10.1103/PRXQuantum.5.020352},
  eprint = {2312.00141},
  eprinttype = {arxiv},
  eprintclass = {quant-ph}
}




@article{Artiaco2024UltraslowGrowthPhysRevLett,
  title = {Ultraslow Growth of Number Entropy in an $\ell$-Bit Model of Many-Body Localization},
  author = {Aceituno Chávez, David and Artiaco, Claudia and Klein Kvorning, Thomas and Herviou, Loïc and Bardarson, Jens H.},
  journal = {Phys. Rev. Lett.},
  volume = {133},
  issue = {12},
  pages = {126502},
  year = {2024},
  publisher = {American Physical Society},
  doi = {10.1103/PhysRevLett.133.126502},
  url = {https://link.aps.org/doi/10.1103/PhysRevLett.133.126502},
  eprint = {2403.02418},
  eprinttype = {arxiv},
  eprintclass = {cond-mat.dis-nn}
}



@article{Artiaco2025UniversalCharacterizationPhysRevLett,
  title = {Universal Characterization of Quantum Many-Body States through Local Information},
  author = {Artiaco, Claudia and Klein Kvorning, Thomas and Aceituno Chávez, David and Herviou, Loïc and Bardarson, Jens H.},
  journal = {Phys. Rev. Lett.},
  volume = {134},
  issue = {19},
  pages = {190401},
  year = {2025},
  publisher = {American Physical Society},
  doi = {10.1103/PhysRevLett.134.190401},
  url = {https://link.aps.org/doi/10.1103/PhysRevLett.134.190401},
  eprint = {2501.09090},
  eprinttype = {arxiv},
  eprintclass = {cond-mat.str-el}
}



@article{Artiaco2025LocalInformationPhysRevA,
  title = {Local information flow in quantum quench dynamics},
  author = {Bauer, Nicolas P. and Trauzettel, Björn and Klein Kvorning, Thomas and Bardarson, Jens H. and Artiaco, Claudia},
  journal = {Phys. Rev. A},
  volume = {112},
  issue = {2},
  pages = {022221},
  year = {2025},
  publisher = {American Physical Society},
  doi = {10.1103/PhysRevA.112.022221},
  url = {https://link.aps.org/doi/10.1103/PhysRevA.112.022221},
  eprint = {2502.14572},
  eprinttype = {arxiv},
  eprintclass = {quant-ph}
}
