

@article{Khemani2021DTCinNISQ,
  title = {Many-Body Physics in the NISQ Era: Quantum Programming a Discrete Time Crystal},
  author = {Ippoliti, Matteo and Kechedzhi, Kostyantyn and Moessner, Roderich and Sondhi, S.L. and Khemani, Vedika},
  journal = {PRX Quantum},
  volume = {2},
  issue = {3},
  pages = {030346},
  numpages = {24},
  year = {2021},
  month = {Sep},
  publisher = {American Physical Society},
  doi = {10.1103/PRXQuantum.2.030346},
}

@article{ippolitti2022time,
  title={Time-crystalline eigenstate order on a quantum processor},
  author={Mi, Xiao and Ippoliti, Matteo and Quintana, Chris and Greene, Ami and Chen, Zijun and Gross, Jonathan and Arute, Frank and Arya, Kunal and Atalaya, Juan and Babbush, Ryan and others},
  journal={Nature},
  volume={601},
  number={7894},
  pages={531--536},
  year={2022},
  publisher={Nature Publishing Group UK London}
}

@article{Khemani2015phasestructre,
  title = {Phase Structure of Driven Quantum Systems},
  author = {Khemani, Vedika and Lazarides, Achilleas and Moessner, Roderich and Sondhi, S. L.},
  journal = {Phys. Rev. Lett.},
  volume = {116},
  issue = {25},
  pages = {250401},
  numpages = {6},
  year = {2016},
  month = {Jun},
  publisher = {American Physical Society},
  doi = {10.1103/PhysRevLett.116.250401},
  url = {https://link.aps.org/doi/10.1103/PhysRevLett.116.250401}
}
